






@article{doi:10.1080/17588928.2015.1020053,
author = {Karl Friston and Francesco Rigoli and Dimitri Ognibene and Christoph Mathys and Thomas Fitzgerald and Giovanni Pezzulo},
title = {Active inference and epistemic value},
journal = {Cognitive Neuroscience},
volume = {6},
number = {4},
pages = {187-214},
year  = {2015},
publisher = {Routledge},
doi = {10.1080/17588928.2015.1020053},
    note ={PMID: 25689102},

URL = { 
    
        https://doi.org/10.1080/17588928.2015.1020053
    
    

},
eprint = { 
    
        https://doi.org/10.1080/17588928.2015.1020053
    
    

}

}


