@inproceedings{10.1117/12.883513,
author = {Bhashyam Balaji and Karl Friston},
title = {{Bayesian state estimation using generalized coordinates}},
volume = {8050},
booktitle = {Signal Processing, Sensor Fusion, and Target Recognition XX},
editor = {Ivan Kadar},
organization = {International Society for Optics and Photonics},
publisher = {SPIE},
pages = {80501Y},
keywords = {Variational Bayes, Variational Filtering, Generalized Coordinates, Dynamical Causal Modelling, Hierarchical Dynamical Model, Continuous-Discrete Filtering, Kolmogorov Equation, Fokker-Planck Equation},
year = {2011},
doi = {10.1117/12.883513},
URL = {https://doi.org/10.1117/12.883513}
}
