
@article{Contrastive-AIF,
  author    = {Pietro Mazzaglia and
               Tim Verbelen and
               Bart Dhoedt},
  title     = {Contrastive Active Inference},
  journal   = {CoRR},
  volume    = {abs/2110.10083},
  year      = {2021},
  url       = {https://arxiv.org/abs/2110.10083},
  eprinttype = {arXiv},
  eprint    = {2110.10083},
  timestamp = {Sat, 09 Apr 2022 12:27:12 +0200},
  biburl    = {https://dblp.org/rec/journals/corr/abs-2110-10083.bib},
  bibsource = {dblp computer science bibliography, https://dblp.org}
}
