@inproceedings{NEURIPS2021_73c73031,
 author = {Mazzaglia, Pietro and Verbelen, Tim and Dhoedt, Bart},
 booktitle = {Advances in Neural Information Processing Systems},
 editor = {M. Ranzato and A. Beygelzimer and Y. Dauphin and P.S. Liang and J. Wortman Vaughan},
 pages = {13870--13882},
 publisher = {Curran Associates, Inc.},
 title = {Contrastive Active Inference},
 url = {https://proceedings.neurips.cc/paper_files/paper/2021/file/73c730319cf839f143bf40954448ce39-Paper.pdf},
 volume = {34},
 year = {2021}
}
