

@article{Distract,
  author    = {Austin Stone and
               Oscar Ramirez and
               Kurt Konolige and
               Rico Jonschkowski},
  title     = {The Distracting Control Suite - {A} Challenging Benchmark for Reinforcement
               Learning from Pixels},
  journal   = {CoRR},
  volume    = {abs/2101.02722},
  year      = {2021},
  url       = {https://arxiv.org/abs/2101.02722},
  eprinttype = {arXiv},
  eprint    = {2101.02722},
  timestamp = {Thu, 14 Oct 2021 09:17:24 +0200},
  biburl    = {https://dblp.org/rec/journals/corr/abs-2101-02722.bib},
  bibsource = {dblp computer science bibliography, https://dblp.org}
}
