@article{Markovi-2021,
  author    = {Dimitrije Markovic and
               Hrvoje Stojic and
               Sarah Schw{\"{o}}bel and
               Stefan J. Kiebel},
  title     = {An empirical evaluation of active inference in multi-armed bandits},
  journal   = {CoRR},
  volume    = {abs/2101.08699},
  year      = {2021},
  url       = {https://arxiv.org/abs/2101.08699},
  eprinttype = {arXiv},
  eprint    = {2101.08699},
  timestamp = {Sat, 30 Jan 2021 18:04:09 +0100},
  biburl    = {https://dblp.org/rec/journals/corr/abs-2101-08699.bib},
  bibsource = {dblp computer science bibliography, https://dblp.org}
}
